@INPROCEEDINGS{foo,
	author={Bar Foo},
	year={1988},
	title={Foo},
	booktitle={CONF 1988}
}

